@unpublished{
	bertoni,
	author = {Bertoni, Alberto and Campadelli, Paola and Rossi, Giuliano},
	title = {Introduzione all'elaborazione dei segnali},
	note = {\url{http://homes.dsi.unimi.it/~bertoni/Introduzione\%20elaborazione\%20segnali.pdf}},
	year = 2009,
}
@book{MDFT07,
	author = "Julius O. Smith",
	title = "Mathematics of the Discrete Fourier Transform (DFT)",
	publisher = "W3K Publishing",
	address = "\url{http://www.w3k.org/books/}",
	year = 2007,
	isbn = " 978-0-9745607-4-8"
}
@book{TSEGDSP97,
	author = "Steven W. Smith",
	title = "The Scientist and Engineer's Guide to Digital Signal Processing",
	publisher = "California Technical Publications",
	address = "\url{http://www.dspguide.com/}",
	year = 1997,
	isbn = "978-0966017632"
}
@article{CMSETI59,
	author = "Cocconi, Giuseppe and Morrison, Philip",
	title = "Searching for Interstellar Communications",
	journal = "Nature",
	volume = "184",
	pages = "844 -- 846",
	year = 1959,
	note = "\url{http://www.coseti.org/morris_0.htm}"
}
@book{CORPY07,
	author = {Wesley J. Chun},
	title = {Core Python Programming},
	publisher = {Prentice Hall},
	year = {2007},
	edition = {second},
	isbn = {0-13-226993-7}
}
@book{AOUP04,
	author = {Eric Steven Raymond},
	title = {The Art of UNIX Programming},
	publisher = {Pearson Education},
	year = {2004},
	isbn = {0-13-142901-9}
}
@book{ALG01,
	author = {Cormen, Thomas H. and Leiserson, Charles E. and Rivest, Ronald L. and Stein, Clifford},
	edition = {2nd Revised},
	title = {Introduction to Algorithms},
	publisher = {The MIT Press},
	year = {2001},
	isbn = {0-262-03293-7}
}
@book{STRSTRP00,
	author = {Stroustrup, Bjarne},
	edition = {Third},
	title = {The C++ Programming Language: Special Edition},
	publisher = {Addison-Wesley Professional},
	year = {2000},
	isbn = {0-201-70073-5}
}
@book{1044941,
	author = {Abrahams, David and Gurtovoy, Aleksey},
	title = {C++ Template Metaprogramming: Concepts, Tools, and Techniques from Boost and Beyond (C++ in Depth Series)},
	year = {2004},
	isbn = {0321227255},
	publisher = {Addison-Wesley Professional},
}
@book{130635,
	author = {Van Loan, Charles},
	title = {Computational frameworks for the fast Fourier transform},
	year = {1992},
	isbn = {0-89871-285-8},
	publisher = {Society for Industrial and Applied Mathematics},
	address = {Philadelphia, PA, USA},
}
@book{1403886,
	author = {Press, William H. and Teukolsky, Saul A. and Vetterling, William T. and Flannery, Brian P.},
	title = {Numerical Recipes 3rd Edition: The Art of Scientific Computing},
	year = {2007},
	isbn = {0521880688, 9780521880688},
	publisher = {Cambridge University Press},
	address = {New York, NY, USA},
}
@book{148286,
	author = {Press, William H. and Teukolsky, Saul A. and Vetterling, William T. and Flannery, Brian P.},
	title = {Numerical recipes in C (2nd ed.): the art of scientific computing},
	year = {1992},
	isbn = {0-521-43108-5},
	publisher = {Cambridge University Press},
	address = {New York, NY, USA},
}
@book{294797,
	author = {Oppenheim, Alan V. and Schafer, Ronald W. and Buck, John R.},
	title = {Discrete-time signal processing (2nd ed.)},
	year = {1999},
	isbn = {0-13-754920-2},
	publisher = {Prentice-Hall, Inc.},
	address = {Upper Saddle River, NJ, USA},
}
@book{248702,
	author = {Oppenheim, Alan V. and Willsky, Alan S. and Nawab, S. Hamid},
	title = {Signals \& systems (2nd ed.)},
	year = {1996},
	isbn = {0-13-814757-4},
	publisher = {Prentice-Hall, Inc.},
	address = {Upper Saddle River, NJ, USA},
}
@article{CooleyTukey,
	author = {James Cooley and John Tukey},
	journal = {Mathematics of Computation},
	number = 90,
	pages = {297-301},
	title = {An Algorithm for the Machine Calculation of Complex Fourier Series},
	volume = 19,
	year = 1965,
	keywords = {Fourier algorithm fft transform},
}
@article{gausshist,
	author = {Heideman, M. and Johnson, D. and Burrus, C.},
	journal = {ASSP Magazine, IEEE [see also IEEE Signal Processing Magazine]},
	keywords = {algorithm, fourier},
	number = {4},
	pages = {14--21},
	title = {Gauss and the history of the fast fourier transform},
	volume = {1},
	year = {1984}
}
@book{1534757,
	author = {Phillips, Charles L and Parr, John and Riskin, Eve},
	title = {Signals, Systems, and Transforms},
	year = {2007},
	isbn = {0131989235},
	publisher = {Prentice Hall Press},
	address = {Upper Saddle River, NJ, USA},
}
@book{550730,
	author = {McClellen, James H. and Yoder, Mark A.},
	title = {DSP First: A Multimedia Approach},
	year = {1997},
	isbn = {0132431718},
	publisher = {Prentice Hall PTR},
	address = {Upper Saddle River, NJ, USA},
}
@book{73948,
	author = {Gibson, Jerry D.},
	title = {Principles of digital and analog communications},
	year = {1989},
	isbn = {0-02-341780-3},
	publisher = {Macmillan Publishing Co., Inc.},
	address = {Indianapolis, IN, USA},
}
@inproceedings{305150,
	author = {Nguyen, Huy and John, Lizy Kurian},
	title = {Exploiting SIMD parallelism in DSP and multimedia algorithms using the AltiVec technology},
	booktitle = {ICS '99: Proceedings of the 13th international conference on Supercomputing},
	year = {1999},
	isbn = {1-58113-164-X},
	pages = {11--20},
	location = {Rhodes, Greece},
	doi = {http://doi.acm.org/10.1145/305138.305150},
	publisher = {ACM},
	address = {New York, NY, USA},
}
@book{993484,
	author = {Lyons, Richard G.},
	title = {Understanding Digital Signal Processing (2nd Edition)},
	year = {2004},
	isbn = {0131089897},
	publisher = {Prentice Hall PTR},
	address = {Upper Saddle River, NJ, USA},
}
@book{202696,
	author = {Embree, Paul M.},
	title = {C algorithms for real-time DSP},
	year = {1995},
	isbn = {0-13-337353-3},
	publisher = {Prentice-Hall, Inc.},
	address = {Upper Saddle River, NJ, USA},
}
@inproceedings{290952,
	author = {Bhargava, Ravi and John, Lizy K. and Evans, Brian L. and Radhakrishnan, Ramesh},
	title = {Evaluating MMX technology using DSP and multimedia applications},
	booktitle = {MICRO 31: Proceedings of the 31st annual ACM/IEEE international symposium on Microarchitecture},
	year = {1998},
	isbn = {1-58113-016-3},
	pages = {37--46},
	location = {Dallas, Texas, United States},
	publisher = {IEEE Computer Society Press},
	address = {Los Alamitos, CA, USA},
}
@book{994152,
	author = {Stewart, E.},
	title = {Intel Integrated Performance Primitives: How to Optimize Software Applications Using Intel IPP},
	year = {2004},
	isbn = {0971786135},
	publisher = {Intel Press},
}
@book{551166,
	author = {Lynn, Paul A. and Fuerst, Wolfgang},
	title = {Introductory Digital Signal Processing with Computer Applications},
	year = {1998},
	isbn = {0471976318},
	publisher = {John Wiley \& Sons, Inc.},
	address = {New York, NY, USA},
}
@BOOK{FFTImpl10,
	author = {C. Sidney Burrus},
	title = {Fast Fourier Transforms},
	publisher = {Connexions},
	year = {2010},
	note = {\url{http://cnx.org/content/col10550/1.21/}}
}
@book{260999,
	author = {Knuth, Donald E.},
	title = {Fundamental algorithms},
	edition = {third},
	volume = 1,
	series = {The Art of Computer Programming},
	year = {1997},
	isbn = {0-201-89683-4},
	publisher = {Addison Wesley Longman Publishing Co., Inc.},
	address = {Redwood City, CA, USA},
}
@book{295125,
	author = {Kernighan, Brian W. and Pike, Rob},
	title = {The practice of programming},
	year = {1999},
	isbn = {0-201-61586-X},
	publisher = {Addison-Wesley Longman Publishing Co., Inc.},
	address = {Boston, MA, USA},
}
@book{572404,
	author = {Tanenbaum, Andrew},
	title = {Computer Networks},
	year = {2002},
	isbn = {0130661023},
	publisher = {Prentice Hall Professional Technical Reference},
}
